<?xml version="1.0" encoding="UTF-8"?><collection xmlns="http://www.loc.gov/MARC21/slim"><record><leader>00715nam--2200217-u-4500</leader><controlfield tag="001">000050687</controlfield><controlfield tag="002">20161230</controlfield><controlfield tag="005">20161230201048</controlfield><controlfield tag="008">080313s1000------------r-----000-0-eng-d</controlfield><datafield ind1=" " ind2=" " tag="020"><subfield code="a">9783527311156</subfield></datafield><datafield ind1=" " ind2=" " tag="040"><subfield code="a">IFIN-HH</subfield></datafield><datafield ind1=" " ind2=" " tag="080"><subfield code="a">538.9(53.06:001.2)</subfield></datafield><datafield ind1="1" ind2=" " tag="100"><subfield code="a">Kumar, C.S.S.R</subfield></datafield><datafield ind1="1" ind2="0" tag="245"><subfield code="a">Nanofabrication Towards Biomedical Applications</subfield><subfield code="b">Techniques, Tools, Applications, and Impact</subfield><subfield code="c">C.S.S.R. KUMAR; J. HORMES; C. LEUSCHENER (Eds.)</subfield></datafield><datafield ind1=" " ind2=" " tag="260"><subfield code="a">Weinheim</subfield><subfield code="b">Wiley_VCH Verlag GmbH &amp; Co. KGaA</subfield><subfield code="c">2005</subfield></datafield><datafield ind1=" " ind2=" " tag="300"><subfield code="a">420 p</subfield></datafield><datafield ind1=" " ind2=" " tag="504"><subfield code="a">Includes Index</subfield></datafield><datafield ind1=" " ind2="4" tag="650"><subfield code="a">Nanostructured Systems from Low-Dimensional Building Blocks</subfield></datafield><datafield ind1="1" ind2=" " tag="700"><subfield code="a">Leuschener, C</subfield><subfield code="e">Ed</subfield></datafield><datafield ind1=" " ind2=" " tag="852"><subfield code="c">001.2</subfield></datafield><datafield ind1=" " ind2=" " tag="CAT"><subfield code="a">Sys</subfield><subfield code="c">20101217</subfield><subfield code="h">122747</subfield></datafield></record></collection>